<?xml version="1.0" encoding="UTF-8"?>
<collection xmlns:xsi="http://www.w3.org/2001/XMLSchema-instance" xsi:schemaLocation="http://www.loc.gov/MARC21/slim http://www.loc.gov/standards/marcxml/schema/MARC21slim.xsd" xmlns="http://www.loc.gov/MARC21/slim">
<record>
  <leader>00931nam a2200253   4500</leader>
  <controlfield tag="001">2979584</controlfield>
  <controlfield tag="003">NNC</controlfield>
  <controlfield tag="005">20030429141026.0</controlfield>
  <controlfield tag="008">881013s1971    iq a     b    000 0 arar </controlfield>
  <datafield tag="010" ind1=" " ind2=" ">
    <subfield code="a">   74212821 </subfield>
  </datafield>
  <datafield tag="035" ind1=" " ind2=" ">
    <subfield code="a">(OCoLC)ocm18606618</subfield>
  </datafield>
  <datafield tag="035" ind1=" " ind2=" ">
    <subfield code="9">ASM6654CU</subfield>
  </datafield>
  <datafield tag="040" ind1=" " ind2=" ">
    <subfield code="a">DLC</subfield>
    <subfield code="c">CUY</subfield>
    <subfield code="d">CUY</subfield>
    <subfield code="d">ZCU</subfield>
  </datafield>
  <datafield tag="050" ind1="0" ind2=" ">
    <subfield code="a">PJ6171</subfield>
    <subfield code="b">.K3</subfield>
  </datafield>
  <datafield tag="100" ind1="1" ind2=" ">
    <subfield code="a">Kātib, Muḥammad Ṭāriq.</subfield>
  </datafield>
  <datafield tag="245" ind1="1" ind2="0">
    <subfield code="a">Mawāzīn al-shiʻr al-ʻArabī bi-istiʻmāl al-arqām al-thunāʾīyah,</subfield>
    <subfield code="c">taʾlīf Muḥammad Ṭariq al-Kātib.</subfield>
  </datafield>
  <datafield tag="250" ind1=" " ind2=" ">
    <subfield code="a">al-Ṭabʻah 1.</subfield>
  </datafield>
  <datafield tag="260" ind1=" " ind2=" ">
    <subfield code="a">al-Baṣrah,</subfield>
    <subfield code="b">Maṭbaʻat Maṣlaḥat al-Mawāniʾ al-ʻIraqīyah,</subfield>
    <subfield code="c">1971.</subfield>
  </datafield>
  <datafield tag="300" ind1=" " ind2=" ">
    <subfield code="a">248 p.</subfield>
    <subfield code="b">illus.</subfield>
    <subfield code="c">24 cm.</subfield>
  </datafield>
  <datafield tag="500" ind1=" " ind2=" ">
    <subfield code="a">Added t. p.: The metrics of Arabic poetry using binary numbers, by M. Tariq el-Katib.</subfield>
  </datafield>
  <datafield tag="504" ind1=" " ind2=" ">
    <subfield code="a">Bibliography: p. 237-239.</subfield>
  </datafield>
  <datafield tag="650" ind1=" " ind2="0">
    <subfield code="a">Arabic language</subfield>
    <subfield code="x">Versification.</subfield>
  </datafield>
  <datafield tag="740" ind1="0" ind2="1">
    <subfield code="a">Metrics of Arabic poetry using binary numbers.</subfield>
  </datafield>
  <datafield tag="955" ind1=" " ind2=" ">
    <subfield code="b">0036760277</subfield>
    <subfield code="d">glx</subfield>
    <subfield code="e">PJ6171 .K3</subfield>
  </datafield>
</record>
</collection>